<record><leader>00000cas a22000007a 4500</leader><controlfield tag="001">11150002</controlfield><controlfield tag="008">840913d18691920iauwr ne      0    0eng d</controlfield><datafield ind1=" " ind2=" " tag="010"><subfield code="a">sn 84038057 </subfield></datafield><datafield ind1=" " ind2=" " tag="040"><subfield code="a">NPX</subfield><subfield code="b">eng</subfield><subfield code="c">NPX</subfield><subfield code="d">INP</subfield><subfield code="d">DLC</subfield><subfield code="d">INP</subfield><subfield code="d">OCLCQ</subfield></datafield><datafield ind1=" " ind2=" " tag="042"><subfield code="a">msc</subfield></datafield><datafield ind1="0" ind2=" " tag="130"><subfield code="a">Bloomfield Democrat (Bloomfield, Iowa : 1869)</subfield></datafield><datafield ind1="1" ind2="0" tag="245"><subfield code="a">Bloomfield Democrat.</subfield></datafield><datafield ind1=" " ind2=" " tag="260"><subfield code="a">Bloomfield, Iowa :</subfield><subfield code="b">T.O. Walker,</subfield><subfield code="c">-1920.</subfield></datafield><datafield ind1=" " ind2=" " tag="300"><subfield code="a">v.</subfield></datafield><datafield ind1=" " ind2=" " tag="310"><subfield code="a">Weekly,</subfield><subfield code="b">Apr. 15-May 27, 1920</subfield></datafield><datafield ind1=" " ind2=" " tag="321"><subfield code="a">Weekly,</subfield><subfield code="b">&lt;June 16, 1870-Mar. 9, 1876&gt;</subfield></datafield><datafield ind1=" " ind2=" " tag="321"><subfield code="a">Semiweekly,</subfield><subfield code="b">&lt;Jan. 2&gt;-Apr. 8, 1920</subfield></datafield><datafield ind1="1" ind2=" " tag="362"><subfield code="a">Began with Sept. 15, 1869 issue.</subfield></datafield><datafield ind1="0" ind2=" " tag="362"><subfield code="a">-51st year, no. 35 (May 27, 1920).</subfield></datafield><datafield ind1=" " ind2=" " tag="588"><subfield code="a">Description based on: Vol. 1, no. 40 (June 16, 1870).</subfield></datafield><datafield ind1=" " ind2=" " tag="752"><subfield code="a">United States</subfield><subfield code="b">Iowa</subfield><subfield code="c">Davis</subfield><subfield code="d">Bloomfield.</subfield></datafield><datafield ind1="0" ind2="7" tag="785"><subfield code="t">Davis County Republican (Bloomfield, Iowa : 1905)</subfield><subfield code="w">(DLC)sn 86061049</subfield></datafield><datafield ind1="0" ind2="7" tag="785"><subfield code="t">Combined issue of the Davis County Republican and Bloomfield Democrat</subfield><subfield code="w">(DLC)sn 86061050</subfield></datafield><datafield ind1="1" ind2=" " tag="029"><subfield code="a">AU@</subfield><subfield code="b">000023545226</subfield></datafield></record>